Date,PersonalContribution,EmployerContribution,TotalContribution,TotalBalance,Note,CumulativeContribution,GainOrLoss
1-11-2016,6408.79,,6408.79,6408.79,Rollover from Fresenius 401(k),6408.79,0.00
1-28-2016,131.54,,131.54,,,6540.33,
2-11-2016,131.54,,131.54,,,6671.87,
2-26-2016,131.54,,131.54,,,6803.41,
3-14-2016,131.54,,131.54,,,6934.95,
3-24-2016,131.54,,131.54,,,7066.49,
4-7-2016,131.54,,131.54,,,7198.03,
4-19-2016,,,0.00,7648.64,Start of daily review,7198.03,450.61
4-20-2016,,,0.00,7689.51,,7198.03,491.48
4-21-2016,,,0.00,7683.73,,7198.03,485.70
4-22-2016,131.54,,131.54,7791.49,Deposit from Paycheck,7329.57,461.92
4-23-2016,,,0.00,7791.49,Weekend,7329.57,461.92
4-24-2016,,,0.00,7791.49,Weekend,7329.57,461.92
4-25-2016,,,0.00,7792.55,,7329.57,462.98
4-26-2016,,,0.00,7780.23,,7329.57,450.66
4-27-2016,,,0.00,7798.81,,7329.57,469.24
4-28-2016,,,0.00,7823.11,,7329.57,493.54
4-29-2016,,,0.00,7775.14,,7329.57,445.57
4-30-2016,,,0.00,7775.14,Weekend,7329.57,445.57
5-1-2016,,,0.00,7775.14,Weekend,7329.57,445.57
5-2-2016,,,0.00,7751.36,,7329.57,421.79
5-3-2016,,,0.00,,,7329.57,
5-4-2016,,,0.00,7721.65,,7329.57,392.08
5-5-2016,,,0.00,7680.36,,7329.57,350.79
5-6-2016,131.54,,131.54,7680.36,Deposit from Paycheck,7461.11,219.25
5-7-2016,,,0.00,7680.36,Weekend,7461.11,219.25
5-8-2016,,,0.00,7680.36,Weekend,7461.11,219.25
5-9-2016,,,0.00,,,7461.11,
5-10-2016,,,0.00,7692.46,,7461.11,231.35
5-11-2016,,,0.00,7764.11,,7461.11,303.00
5-12-2016,,,0.00,7716.24,,7461.11,255.13
5-13-2016,,,0.00,7847.78,,7461.11,386.67
5-14-2016,,,0.00,7847.78,Weekend,7461.11,
5-15-2016,,,0.00,7847.78,Weekend,7461.11,
5-16-2016,,,0.00,7799.07,,7461.11,337.96
5-17-2016,,,0.00,7847.62,,7461.11,386.51
5-18-2016,,,0.00,7804.97,,7461.11,343.86
5-19-2016,,,0.00,,,7461.11,
5-20-2016,131.54,,131.54,7900.22,Deposit from Paycheck,7592.65,307.57
5-21-2016,,,0.00,7900.22,Weekend,7592.65,
5-22-2016,,,0.00,7900.22,Weekend,7592.65,
5-23-2016,,,0.00,7944.13,,7592.65,351.48
5-24-2016,,,0.00,7931.62,,7592.65,338.97
5-25-2016,,,0.00,8012.22,,7592.65,419.57
5-26-2016,,,0.00,8049.77,,7592.65,457.12
5-27-2016,,,0.00,8055.92,,7592.65,463.27
5-28-2016,,,0.00,8005.92,Weekend,7592.65,
5-29-2016,,,0.00,8005.92,Weekend,7592.65,
5-30-2016,,,0.00,8005.92,Holiday,7592.65,
5-31-2016,,,0.00,8080.95,,7592.65,488.30
6-1-2016,,,0.00,8075.65,,7592.65,483.00
6-2-2016,,,0.00,8082.65,,7592.65,490.00
6-3-2016,131.54,,131.54,7592.65,VACATION,7724.19,
6-4-2016,,,0.00,7592.65,Weekend,7724.19,
6-5-2016,,,0.00,7592.65,Weekend,7724.19,
6-6-2016,,,0.00,7592.65,VACATION,7724.19,
6-7-2016,,,0.00,7592.65,VACATION,7724.19,
6-8-2016,,,0.00,7592.65,VACATION,7724.19,
6-9-2016,,,0.00,7592.65,VACATION,7724.19,
6-10-2016,,,0.00,7592.65,VACATION,7724.19,
6-11-2016,,,0.00,7592.65,Weekend,7724.19,
6-12-2016,,,0.00,7592.65,Weekend,7724.19,
6-13-2016,,,0.00,8201.81,,7724.19,477.62
6-14-2016,,,0.00,8139.03,,7724.19,414.84
6-15-2016,,,0.00,8095.78,,7724.19,371.59
6-16-2016,,,0.00,8107.76,,7724.19,383.57
6-17-2016,131.54,,131.54,8107.76,Deposit from Paycheck,7855.73,252.03
6-18-2016,,,0.00,8107.76,Weekend,7855.73,
6-19-2016,,,0.00,8107.76,Weekend,7855.73,
6-20-2016,,,0.00,8114.02,,7855.73,258.29
6-21-2016,,,0.00,,,7855.73,
6-22-2016,,,0.00,8338.02,,7855.73,482.29
6-23-2016,,,0.00,8337.39,,7855.73,481.66
6-24-2016,,,0.00,8433.95,,7855.73,578.22
6-25-2016,,,0.00,8433.95,Weekend,7855.73,
6-26-2016,,,0.00,8433.95,Weekend,7855.73,
6-27-2016,,,0.00,8128.37,Stock market dip; reaction to GB voting to leave EU,7855.73,272.64
6-28-2016,,,0.00,8002.30,Stock market dip; reaction to GB voting to leave EU,7855.73,146.57
6-29-2016,,,0.00,8129.99,,7855.73,274.26
6-30-2016,,,0.00,8245.29,,7855.73,389.56
7-1-2016,131.54,,131.54,8325.64,Deposit from Paycheck,7987.27,338.37
7-2-2016,,,0.00,8325.64,Weekend,7987.27,
7-3-2016,,,0.00,8325.64,Weekend,7987.27,
7-4-2016,,,0.00,8325.64,Holiday,7987.27,
7-5-2016,,,0.00,8482.26,,7987.27,494.99
7-6-2016,,,0.00,8415.52,,7987.27,428.25
7-7-2016,,,0.00,8430.63,,7987.27,443.36
7-8-2016,,,0.00,,,7987.27,
7-9-2016,,,0.00,,Weekend,7987.27,
7-10-2016,,,0.00,,Weekend,7987.27,
7-11-2016,,,0.00,8523.18,,7987.27,535.91
7-12-2016,,,0.00,8561.55,,7987.27,574.28
7-13-2016,,,0.00,8614.29,,7987.27,627.02
7-14-2016,,,0.00,8620.38,,7987.27,633.11
7-15-2016,131.54,,131.54,8652.28,Deposit from Paycheck,8118.81,533.47
7-16-2016,,,0.00,8652.28,Weekend,8118.81,
7-17-2016,,,0.00,8652.28,Weekend,8118.81,
7-18-2016,,,0.00,8764.83,,8118.81,646.02
7-19-2016,,,0.00,8777.51,,8118.81,658.70
7-20-2016,,,0.00,8764.00,,8118.81,645.19
7-21-2016,,,0.00,8803.31,,8118.81,684.50
7-22-2016,,,0.00,8781.99,,8118.81,663.18
7-23-2016,,,0.00,8781.99,Weekend,8118.81,
7-24-2016,,,0.00,8781.99,Weekend,8118.81,
7-25-2016,,,0.00,8810.28,,8118.81,691.47
7-26-2016,,,0.00,8788.96,,8118.81,670.15
7-27-2016,,,0.00,8804.14,,8118.81,685.33
7-28-2016,,,0.00,8801.23,,8118.81,682.42
7-29-2016,131.54,,131.54,8814.76,Deposit from Paycheck,8250.35,564.41
7-30-2016,,,0.00,8814.76,Weekend,8250.35,
7-31-2016,,,0.00,8814.76,Weekend,8250.35,
8-1-2016,,,0.00,8978.24,,8250.35,727.89
8-2-2016,,,0.00,8955.95,,8250.35,705.60
8-3-2016,,,0.00,8900.87,,8250.35,650.52
8-4-2016,,,0.00,8904.60,,8250.35,654.25
8-5-2016,,,0.00,8930.73,,8250.35,680.38
8-6-2016,,,0.00,8930.73,Weekend,8250.35,
8-7-2016,,,0.00,8930.73,Weekend,8250.35,
8-8-2016,,,0.00,8972.98,,8250.35,722.63
8-9-2016,,,0.00,,Out of office all day - unable to check,8250.35,
8-10-2016,,,0.00,8999.13,,8250.35,748.78
8-11-2016,,,0.00,8996.80,,8250.35,746.45
8-12-2016,131.54,,131.54,9156.35,Deposit from Paycheck,8381.89,774.46
8-13-2016,,,0.00,9156.35,Weekend,8381.89,
8-14-2016,,,0.00,9156.35,Weekend,8381.89,
8-15-2016,,,0.00,9155.32,,8381.89,773.43
8-16-2016,,,0.00,9177.63,Reallocated Assets & Future Investment,8381.89,795.74
8-17-2016,,,0.00,9141.29,,8381.89,759.40
8-18-2016,,,0.00,9148.03,,8381.89,766.14
8-19-2016,,,0.00,9181.71,,8381.89,799.82
8-20-2016,,,0.00,9181.71,Weekend,8381.89,
8-21-2016,,,0.00,9181.71,Weekend,8381.89,
8-22-2016,,,0.00,9154.77,,8381.89,772.88
8-23-2016,,,0.00,9154.77,,8381.89,772.88
8-24-2016,,,0.00,9174.97,,8381.89,793.08
8-25-2016,,,0.00,9141.29,,8381.89,759.40
8-26-2016,131.54,,131.54,9127.82,Deposit from Paycheck,8513.43,614.39
8-27-2016,,,0.00,9127.82,Weekend,8513.43,
8-28-2016,,,0.00,9127.82,Weekend,8513.43,
8-29-2016,,,0.00,,Out of office all day - unable to check,8513.43,
8-30-2016,,,0.00,9280.15,,8513.43,766.72
8-31-2016,,,0.00,9266.49,,8513.43,753.06
9-1-2016,,,0.00,9252.82,,8513.43,739.39
9-2-2016,,,0.00,9266.49,,8513.43,753.06
9-3-2016,,,0.00,9266.49,Weekend,8513.43,
9-4-2016,,,0.00,9266.49,Weekend,8513.43,
9-5-2016,,,0.00,9266.49,Labor Day,8513.43,
9-6-2016,,,0.00,9314.32,,8513.43,800.89
9-7-2016,,,0.00,9355.33,,8513.43,841.90
9-8-2016,,,0.00,9368.99,,8513.43,855.56
9-9-2016,131.54,,131.54,9341.66,Deposit from Paycheck,8644.97,696.69
9-10-2016,,,0.00,9341.66,Weekend,8644.97,
9-11-2016,,,0.00,9341.66,Weekend,8644.97,
9-12-2016,,,0.00,9295.52,,8644.97,650.55
9-13-2016,,,0.00,9371.77,,8644.97,726.80
9-14-2016,,,0.00,9247.00,,8644.97,602.03
9-15-2016,,,0.00,9247.00,,8644.97,602.03
9-16-2016,,,0.00,9302.45,,8644.97,657.48
9-17-2016,,,0.00,9302.45,Weekend,8644.97,
9-18-2016,,,0.00,9302.45,Weekend,8644.97,
9-19-2016,,,0.00,9260.86,,8644.97,615.89
9-20-2016,,,0.00,9288.59,,8644.97,643.62
9-21-2016,,,0.00,9288.59,,8644.97,643.62
9-22-2016,,,0.00,9385.64,,8644.97,740.67
9-23-2016,131.54,,131.54,9586.50,Deposit from Paycheck,8776.51,809.99
9-24-2016,,,0.00,9586.50,Weekend,8776.51,
9-25-2016,,,0.00,9586.50,Weekend,8776.51,
9-26-2016,,,0.00,9544.32,,8776.51,767.81
9-27-2016,,,0.00,9488.10,,8776.51,711.59
9-28-2016,,,0.00,9523.24,,8776.51,746.73
9-29-2016,,,0.00,9572.43,,8776.51,795.92
9-30-2016,,,0.00,9502.15,,8776.51,725.64
10-1-2016,,,0.00,9502.15,Weekend,8776.51,
10-2-2016,,,0.00,9502.15,Weekend,8776.51,
10-3-2016,,,0.00,9544.32,,8776.51,767.81
10-4-2016,,,0.00,9523.24,,8776.51,746.73
10-5-2016,,,0.00,9489.18,,8776.51,712.67
10-6-2016,,,0.00,9509.62,,8776.51,733.11
10-7-2016,131.54,,131.54,9634.34,Deposit from Paycheck,8908.05,726.29
10-8-2016,,,0.00,9634.34,Weekend,8908.05,
10-9-2016,,,0.00,9634.34,Weekend,8908.05,
10-10-2016,,,0.00,,Missed Recording Data,8908.05,
10-11-2016,,,0.00,9627.44,,8908.05,719.39
10-12-2016,,,0.00,9530.75,,8908.05,622.70
10-13-2016,,,0.00,9537.66,,8908.05,629.61
10-14-2016,,,0.00,9507.14,,8908.05,599.09
10-15-2016,,,0.00,9507.14,Weekend,8908.05,
10-16-2016,,,0.00,9507.14,Weekend,8908.05,
10-17-2016,,,0.00,9511.53,,8908.05,603.48
10-18-2016,,,0.00,9500.57,,8908.05,592.52
10-19-2016,,,0.00,9561.89,,8908.05,653.84
10-20-2016,,,0.00,9588.22,,8908.05,680.17
10-21-2016,131.54,,131.54,9707.13,Deposit from Paycheck,9039.59,667.54
10-22-2016,,,0.00,9707.13,Weekend,9039.59,
10-23-2016,,,0.00,9707.13,Weekend,9039.59,
10-24-2016,,,0.00,9698.94,,9039.59,659.35
10-25-2016,,,0.00,9726.02,,9039.59,686.43
10-26-2016,,,0.00,9695.77,,9039.59,656.18
10-27-2016,,,0.00,9655.47,,9039.59,615.88
10-28-2016,,,0.00,9613.36,,9039.59,573.77
10-29-2016,,,0.00,9613.36,Weekend,9039.59,
10-30-2016,,,0.00,9613.36,Weekend,9039.59,
10-31-2016,,,0.00,9608.86,,9039.59,569.27
11-1-2016,,,0.00,9626.73,,9039.59,587.14
11-2-2016,,,0.00,9575.34,,9039.59,535.75
11-3-2016,,,0.00,9508.37,,9039.59,468.78
11-4-2016,131.54,,131.54,9617.37,Deposit from Paycheck,9171.13,446.24
11-5-2016,,,0.00,9617.37,Weekend,9171.13,
11-6-2016,,,0.00,9617.37,Weekend,9171.13,
11-7-2016,,,0.00,9600.98,,9171.13,429.85
11-8-2016,,,0.00,9743.53,2016 General Election,9171.13,572.40
11-9-2016,,,0.00,9776.01,,9171.13,604.88
11-10-2016,,,0.00,9787.51,,9171.13,616.38
11-11-2016,,,0.00,9745.09,,9171.13,573.96
11-12-2016,,,0.00,9745.09,Weekend,9171.13,
11-13-2016,,,0.00,9745.09,Weekend,9171.13,
11-14-2016,,,0.00,9725.11,,9171.13,553.98
11-15-2016,,,0.00,9714.64,,9171.13,543.51
11-16-2016,,,0.00,9770.18,,9171.13,599.05
11-17-2016,,,0.00,9764.08,,9171.13,592.95
11-18-2016,131.54,,131.54,9923.73,Deposit from Paycheck,9302.67,621.06
11-19-2016,,,0.00,9923.73,Weekend,9302.67,
11-20-2016,,,0.00,9923.73,Weekend,9302.67,
11-21-2016,,,0.00,9912.07,,9302.67,609.40
11-22-2016,,,0.00,9965.59,,9302.67,662.92
11-23-2016,,,0.00,9965.59,Holiday,9302.67,
11-24-2016,,,0.00,9965.59,Holiday,9302.67,
11-25-2016,,,0.00,9965.59,Holiday,9302.67,
11-26-2016,,,0.00,9965.59,Weekend,9302.67,
11-27-2016,,,0.00,9965.59,Weekend,9302.67,
11-28-2016,,,0.00,10028.60,,9302.67,725.93
11-29-2016,,,0.00,10009.81,,9302.67,707.14
11-30-2016,,,0.00,10016.69,,9302.67,714.02
12-1-2016,,,0.00,9998.26,,9302.67,695.59
12-2-2016,131.54,,131.54,10085.37,Deposit from Paycheck,9434.21,651.16
12-3-2016,,,0.00,10085.37,Weekend,9434.21,
12-4-2016,,,0.00,10085.37,Weekend,9434.21,
12-5-2016,,,0.00,10096.27,,9434.21,662.06
12-6-2016,,,0.00,10158.62,,9434.21,724.41
12-7-2016,,,0.00,10198.66,,9434.21,764.45
12-8-2016,,,0.00,10295.53,,9434.21,861.32
12-9-2016,,,0.00,10333.73,,9434.21,899.52
12-10-2016,,,0.00,10333.73,Weekend,9434.21,
12-11-2016,,,0.00,10333.73,Weekend,9434.21,
12-12-2016,,,0.00,10341.76,,9434.21,907.55
12-13-2016,,,0.00,10306.43,,9434.21,872.22
12-14-2016,,,0.00,10344.37,,9434.21,910.16
12-15-2016,,,0.00,10241.81,,9434.21,807.60
12-16-2016,131.54,,131.54,10390.83,Deposit from Paycheck,9565.75,825.08
12-17-2016,,,0.00,10390.83,Weekend,9565.75,
12-18-2016,,,0.00,10390.83,Weekend,9565.75,
12-19-2016,,,0.00,,Out of office all day - unable to check,9565.75,
12-20-2016,,,0.00,10388.70,,9565.75,822.95
12-21-2016,,,0.00,10420.43,,9565.75,854.68
12-22-2016,,,0.00,10404.07,,9565.75,838.32
12-23-2016,,,0.00,10404.07,Christmas Holiday,9565.75,
12-24-2016,,,0.00,10404.07,Weekend,9565.75,
12-25-2016,,,0.00,10404.07,Weekend,9565.75,
12-26-2016,,,0.00,10404.07,Christmas Holiday,9565.75,
12-27-2016,,,0.00,10388.02,,9565.75,822.27
12-28-2016,,,0.00,10406.62,,9565.75,840.87
12-29-2016,,,0.00,10361.87,,9565.75,796.12
12-30-2016,131.54,,131.54,10525.69,Deposit from Paycheck,9697.29,828.40
12-31-2016,,,0.00,10525.69,Weekend,9697.29,
1-1-2017,,,0.00,10525.69,Weekend,9697.29,
1-2-2017,,,0.00,10513.33,,9697.29,816.04
1-3-2017,,,0.00,10513.34,,9697.29,816.05
1-4-2017,,,0.00,10575.34,,9697.29,878.05
1-5-2017,,,0.00,10648.19,,9697.29,950.90
1-6-2017,,,0.00,10666.41,,9697.29,969.12
1-7-2017,,,0.00,10666.41,Weekend,9697.29,
1-8-2017,,,0.00,10666.41,Weekend,9697.29,
1-9-2017,,,0.00,10663.02,,9697.29,965.73
1-10-2017,,,0.00,10627.99,,9697.29,930.70
1-11-2017,,,0.00,10661.45,,9697.29,964.16
1-12-2017,,,0.00,10700.59,,9697.29,1003.30
1-13-2017,135.02,,135.02,10690.51,,9832.31,858.20
1-14-2017,,,0.00,10690.51,Weekend,9832.31,
1-15-2017,,,0.00,10690.51,Weekend,9832.31,
1-16-2017,,,0.00,10690.51,Holiday,9832.31,
1-17-2017,,,0.00,10846.74,,9832.31,1014.43
1-18-2017,,,0.00,,Out of office all day - unable to check,9832.31,
1-19-2017,,,0.00,10823.27,,9832.31,990.96
1-20-2017,,,0.00,10782.77,,9832.31,950.46
1-21-2017,,,0.00,10782.77,Weekend,9832.31,
1-22-2017,,,0.00,10782.77,Weekend,9832.31,
1-23-2017,,,0.00,10812.51,,9832.31,980.20
1-24-2017,,,0.00,10829.49,,9832.31,997.18
1-25-2017,,,0.00,10893.34,,9832.31,1061.03
1-26-2017,,,0.00,10956.14,,9832.31,1123.83
1-27-2017,135.02,,135.02,10949.14,,9967.33,981.81
1-28-2017,,,0.00,10949.14,Weekend,9967.33,
1-29-2017,,,0.00,10949.14,Weekend,9967.33,
1-30-2017,,,0.00,11074.81,,9967.33,1107.48
1-31-2017,,,0.00,11009.11,,9967.33,1041.78
2-1-2017,,,0.00,11027.91,,9967.33,1060.58
2-2-2017,,,0.00,11032.69,,9967.33,1065.36
2-3-2017,,,0.00,11040.96,,9967.33,1073.63
2-4-2017,,,0.00,11040.96,Weekend,9967.33,
2-5-2017,,,0.00,11040.96,Weekend,9967.33,
2-6-2017,,,0.00,11094.45,,9967.33,1127.12
2-7-2017,,,0.00,11069.59,,9967.33,1102.26
2-8-2017,,,0.00,11065.78,,9967.33,1098.45
2-9-2017,,,0.00,11082.40,,9967.33,1115.07
2-10-2017,135.02,,135.02,11126.94,,10102.35,1024.59
2-11-2017,,,0.00,11126.94,Weekend,10102.35,
2-12-2017,,,0.00,11126.94,Weekend,10102.35,
2-13-2017,,,0.00,11296.08,,10102.35,1193.73
2-14-2017,,,0.00,11329.91,,10102.35,1227.56
2-15-2017,,,0.00,11336.38,,10102.35,1234.03
2-16-2017,,,0.00,11374.44,,10102.35,1272.09
2-17-2017,,,0.00,11370.07,,10102.35,1267.72
2-18-2017,,,0.00,11370.07,Weekend,10102.35,
2-19-2017,,,0.00,11370.07,Weekend,10102.35,
2-20-2017,,,0.00,11367.97,,10102.35,1265.62
2-21-2017,,,0.00,11364.98,,10102.35,1262.63
2-22-2017,,,0.00,11424.87,,10102.35,1322.52
2-23-2017,,,0.00,11419.27,,10102.35,1316.92
2-24-2017,135.02,,135.02,11543.52,,10237.37,1306.15
2-25-2017,,,0.00,11543.52,Weekend,10237.37,
2-26-2017,,,0.00,11543.52,Weekend,10237.37,
2-27-2017,,,0.00,11531.13,,10237.37,1293.76
2-28-2017,,,0.00,11534.19,,10237.37,1296.82
3-1-2017,,,0.00,11494.29,,10237.37,1256.92
3-2-2017,,,0.00,11591.48,,10237.37,1354.11
3-3-2017,,,0.00,11515.28,,10237.37,1277.91
3-4-2017,,,0.00,11515.28,Weekend,10237.37,
3-5-2017,,,0.00,11515.28,Weekend,10237.37,
3-6-2017,,,0.00,11528.39,,10237.37,1291.02
3-7-2017,,,0.00,11493.51,,10237.37,1256.14
3-8-2017,,,0.00,11465.41,,10237.37,1228.04
3-9-2017,,,0.00,11425.24,,10237.37,1187.87
3-10-2017,135.02,11425.24,135.02,,Out of office all day - unable to check,10372.39,
3-11-2017,,,0.00,11425.24,Weekend,10372.39,
3-12-2017,,,0.00,11425.24,Weekend,10372.39,
3-13-2017,,,0.00,11425.24,Out of office all day - unable to check,10372.39,
3-14-2017,,,0.00,11425.24,Out of office all day - unable to check,10372.39,
3-15-2017,,,0.00,11578.56,,10372.39,1206.17
3-16-2017,,,0.00,11578.56,Unable to check,10372.39,
3-17-2017,,,0.00,11578.56,Unable to check,10372.39,
3-18-2017,,,0.00,11578.56,Weekend,10372.39,
3-19-2017,,,0.00,11578.56,Weekend,10372.39,
3-20-2017,,,0.00,11719.89,,10372.39,1347.50
3-21-2017,,,0.00,11716.04,,10372.39,1343.65
3-22-2017,,,0.00,11608.31,,10372.39,1235.92
3-23-2017,,,0.00,11626.99,,10372.39,1254.60
3-24-2017,135.02,,135.02,11636.30,,10507.41,1128.89
3-25-2017,,,0.00,11636.30,Weekend,10507.41,
3-26-2017,,,0.00,11636.30,Weekend,10507.41,
3-27-2017,,,0.00,11775.14,,10507.41,1267.73
3-28-2017,,,0.00,11780.90,,10507.41,1273.49
3-29-2017,,,0.00,11826.11,,10507.41,1318.70
3-30-2017,,,0.00,11849.69,,10507.41,1342.28
3-31-2017,,,0.00,11857.80,,10507.41,1350.39
4-1-2017,,,0.00,11857.80,Weekend,10507.41,
4-2-2017,,,0.00,11857.80,Weekend,10507.41,
4-3-2017,,,0.00,11846.64,,10507.41,1339.23
4-4-2017,,,0.00,11828.09,,10507.41,1320.68
4-5-2017,,,0.00,11828.09,Out of office all day - unable to check,10507.41,
4-6-2017,,,0.00,11802.04,,10507.41,1294.63
4-7-2017,135.02,,135.02,11823.41,,10642.43,1180.98
4-8-2017,,,0.00,11823.41,Weekend,10642.43,
4-9-2017,,,0.00,11823.41,Weekend,10642.43,
4-10-2017,,,0.00,11940.52,,10642.43,1298.09
4-11-2017,,,0.00,11946.01,,10642.43,1303.58
4-12-2017,,,0.00,11963.27,,10642.43,1320.84
4-13-2017,,,0.00,11930.97,,10642.43,1288.54
4-14-2017,,,0.00,11877.48,,10642.43,1235.05
4-15-2017,,,0.00,11877.48,Weekend,10642.43,
4-16-2017,,,0.00,11877.48,Weekend,10642.43,
4-17-2017,,,0.00,11877.51,,10642.43,1235.08
4-18-2017,,,0.00,11949.31,,10642.43,1306.88
4-19-2017,,,0.00,11935.16,,10642.43,1292.73
4-20-2017,,,0.00,12059.21,,10642.43,1416.78
4-21-2017,135.02,,135.02,12129.36,,10777.45,1351.91
4-22-2017,,,0.00,12129.36,Weekend,10777.45,
4-23-2017,,,0.00,12129.36,Weekend,10777.45,
4-24-2017,,,0.00,12122.80,,10777.45,1345.35
4-25-2017,,,0.00,12232.77,,10777.45,1455.32
4-26-2017,,,0.00,12290.58,,10777.45,1513.13
4-27-2017,,,0.00,12293.21,,10777.45,1515.76
4-28-2017,,,0.00,12302.84,,10777.45,1525.39
4-29-2017,,,0.00,12302.84,Weekend,10777.45,
4-30-2017,,,0.00,12302.84,Weekend,10777.45,
5-1-2017,,,0.00,12278.24,,10777.45,1500.79
5-2-2017,,,0.00,12278.24,Out of office all day - unable to check,10777.45,
5-3-2017,,,0.00,12322.27,,10777.45,1544.82
5-4-2017,,,0.00,12293.65,,10777.45,1516.20
5-5-2017,135.02,,135.02,12282.49,,10912.47,1370.02
5-6-2017,,,0.00,12282.49,Weekend,10912.47,
5-7-2017,,,0.00,12282.49,Weekend,10912.47,
5-8-2017,,,0.00,12465.65,,10912.47,1553.18
5-9-2017,,,0.00,12453.08,,10912.47,1540.61
5-10-2017,,,0.00,12452.33,,10912.47,1539.86
5-11-2017,,,0.00,12481.17,,10912.47,1568.70
5-12-2017,,,0.00,12463.43,,10912.47,1550.96
5-13-2017,,,0.00,12463.43,Weekend,10912.47,
5-14-2017,,,0.00,12463.43,Weekend,10912.47,
5-15-2017,,,0.00,12463.43,Out of office all day - unable to check,10912.47,
5-16-2017,,,0.00,12463.43,Out of office all day - unable to check,10912.47,
5-17-2017,,,0.00,12463.43,Out of office all day - unable to check,10912.47,
5-18-2017,,,0.00,12396.33,,10912.47,1483.86
5-19-2017,135.02,,135.02,12396.33,Unable to check,11047.49,
5-20-2017,,,0.00,12396.33,Weekend,11047.49,
5-21-2017,,,0.00,12396.33,Weekend,11047.49,
5-22-2017,,,0.00,12591.04,,11047.49,1543.55
5-23-2017,,,0.00,12636.47,,11047.49,1588.98
5-24-2017,,,0.00,12638.36,,11047.49,1590.87
5-25-2017,,,0.00,12663.19,,11047.49,1615.70
5-26-2017,,,0.00,12663.19,Out of office all day - unable to check,11047.49,
5-27-2017,,,0.00,12663.19,Weekend,11047.49,
5-28-2017,,,0.00,12663.19,Weekend,11047.49,
5-29-2017,,,0.00,12663.19,Holiday,11047.49,
5-30-2017,,,0.00,12708.13,,11047.49,1660.64
5-31-2017,,,0.00,12687.18,,11047.49,1639.69
6-1-2017,,,0.00,12686.91,,11047.49,1639.42
6-2-2017,135.02,,135.02,12905.53,,11182.51,1723.02
6-3-2017,,,0.00,12905.53,Weekend,11182.51,
6-4-2017,,,0.00,12905.53,Weekend,11182.51,
6-5-2017,,,0.00,12955.41,,11182.51,1772.90
6-6-2017,,,0.00,12927.58,,11182.51,1745.07
6-7-2017,,,0.00,12914.15,,11182.51,1731.64
6-8-2017,,,0.00,12921.16,,11182.51,1738.65
6-9-2017,,,0.00,12947.89,,11182.51,1765.38
6-10-2017,,,0.00,12947.89,Weekend,11182.51,
6-11-2017,,,0.00,12947.89,Weekend,11182.51,
6-12-2017,,,0.00,12933.50,,11182.51,1750.99
6-13-2017,,,0.00,12902.00,,11182.51,1719.49
6-14-2017,,,0.00,12953.16,,11182.51,1770.65
6-15-2017,,,0.00,12947.24,,11182.51,1764.73
6-16-2017,135.02,,135.02,13033.58,,11317.53,1716.05
6-17-2017,,,0.00,13033.58,Weekend,11317.53,
6-18-2017,,,0.00,13033.58,Weekend,11317.53,
6-19-2017,,,0.00,13042.34,,11317.53,1724.81
6-20-2017,,,0.00,13114.23,,11317.53,1796.70
6-21-2017,,,0.00,13041.61,,11317.53,1724.08
6-22-2017,,,0.00,13023.72,,11317.53,1706.19
6-23-2017,,,0.00,13024.57,,11317.53,1707.04
6-24-2017,,,0.00,13024.57,Weekend,11317.53,
6-25-2017,,,0.00,13024.57,Weekend,11317.53,
6-26-2017,,,0.00,13054.35,,11317.53,1736.82
6-27-2017,,,0.00,13080.99,,11317.53,1763.46
6-28-2017,,,0.00,13009.75,,11317.53,1692.22
6-29-2017,,,0.00,13086.02,,11317.53,1768.49
6-30-2017,135.02,,135.02,13137.62,,11452.55,1685.07
7-1-2017,,,0.00,13137.62,Weekend,11452.55,
7-2-2017,,,0.00,13137.62,Weekend,11452.55,
7-3-2017,,,0.00,13153.46,,11452.55,1700.91
7-4-2017,,,0.00,13153.46,Holiday,11452.55,
7-5-2017,,,0.00,13175.49,,11452.55,1722.94
7-6-2017,,,0.00,13170.55,,11452.55,1718.00
7-7-2017,,,0.00,13089.30,,11452.55,1636.75
7-8-2017,,,0.00,13089.30,Weekend,11452.55,
7-9-2017,,,0.00,13089.30,Weekend,11452.55,
7-10-2017,,,0.00,13146.29,,11452.55,1693.74
7-11-2017,,,0.00,13158.74,,11452.55,1706.19
7-12-2017,,,0.00,13158.74,Out of office all day - unable to check,11452.55,
7-13-2017,,,0.00,13282.33,,11452.55,1829.78
7-14-2017,135.02,,135.02,13442.19,,11587.57,1854.62
7-15-2017,,,0.00,13442.19,Weekend,11587.57,
7-16-2017,,,0.00,13442.19,Weekend,11587.57,
7-17-2017,,,0.00,13495.72,,11587.57,1908.15
7-18-2017,,,0.00,13503.96,,11587.57,1916.39
7-19-2017,,,0.00,13524.91,,11587.57,1937.34
7-20-2017,,,0.00,13597.08,,11587.57,2009.51
7-21-2017,,,0.00,13592.41,,11587.57,2004.84
7-22-2017,,,0.00,13592.41,Weekend,11587.57,
7-23-2017,,,0.00,13592.41,Weekend,11587.57,
7-24-2017,,,0.00,13578.26,,11587.57,1990.69
7-25-2017,,,0.00,13584.42,,11587.57,1996.85
7-26-2017,,,0.00,13601.42,,11587.57,2013.85
7-27-2017,,,0.00,13603.83,,11587.57,2016.26
7-28-2017,135.02,,135.02,13728.13,,11722.59,2005.54
7-29-2017,,,0.00,13728.13,Weekend,11722.59,
7-30-2017,,,0.00,13728.13,Weekend,11722.59,
7-31-2017,,,0.00,13712.93,,11722.59,1990.34
8-1-2017,,,0.00,13722.56,,11722.59,1999.97
8-2-2017,,,0.00,13753.76,,11722.59,2031.17
8-3-2017,,,0.00,13732.67,,11722.59,2010.08
8-4-2017,,,0.00,13711.96,,11722.59,1989.37
8-5-2017,,,0.00,13711.96,Weekend,11722.59,
8-6-2017,,,0.00,13711.96,Weekend,11722.59,
8-7-2017,,,0.00,13735.68,,11722.59,2013.09
8-8-2017,,,0.00,13769.05,,11722.59,2046.46
8-9-2017,,,0.00,13749.19,,11722.59,2026.60
8-10-2017,,,0.00,13707.92,,11722.59,1985.33
8-11-2017,135.02,,135.02,13688.77,,11857.61,1831.16
8-12-2017,,,0.00,13688.77,Weekend,11857.61,
8-13-2017,,,0.00,13688.77,Weekend,11857.61,
8-14-2017,,,0.00,13692.89,,11857.61,1835.28
8-15-2017,,,0.00,13794.51,,11857.61,1936.90
8-16-2017,,,0.00,13768.74,,11857.61,1911.13
8-17-2017,,,0.00,13816.99,,11857.61,1959.38
8-18-2017,,,0.00,13693.36,,11857.61,1835.75
8-19-2017,,,0.00,13693.36,Weekend,11857.61,
8-20-2017,,,0.00,13693.36,Weekend,11857.61,
8-21-2017,,,0.00,13698.32,,11857.61,1840.71
8-22-2017,,,0.00,13709.27,,11857.61,1851.66
8-23-2017,,,0.00,13795.42,,11857.61,1937.81
8-24-2017,,,0.00,13789.87,,11857.61,1932.26
8-25-2017,135.02,,135.02,13919.30,,11992.63,1926.67
8-26-2017,,,0.00,13919.30,Weekend,11992.63,
8-27-2017,,,0.00,13919.30,Weekend,11992.63,
8-28-2017,,,0.00,13942.28,,11992.63,1949.65
8-29-2017,,,0.00,13935.21,,11992.63,1942.58
8-30-2017,,,0.00,13931.08,,11992.63,1938.45
8-31-2017,,,0.00,13974.70,,11992.63,1982.07
9-1-2017,,,0.00,14039.30,,11992.63,2046.67
9-2-2017,,,0.00,14039.30,Weekend,11992.63,
9-3-2017,,,0.00,14039.30,Weekend,11992.63,
9-4-2017,,,0.00,14039.30,Holiday,11992.63,
9-5-2017,,,0.00,14063.05,,11992.63,2070.42
9-6-2017,,,0.00,14001.03,,11992.63,2008.40
9-7-2017,,,0.00,14022.45,,11992.63,2029.82
9-8-2017,135.02,,135.02,14199.49,,12127.65,2071.84
9-9-2017,,,0.00,14199.49,Weekend,12127.65,
9-10-2017,,,0.00,14199.49,Weekend,12127.65,
9-11-2017,,,0.00,14201.38,,12127.65,2073.73
9-12-2017,,,0.00,14304.34,,12127.65,2176.69
9-13-2017,,,0.00,14325.64,,12127.65,2197.99
9-14-2017,,,0.00,14323.50,,12127.65,2195.85
9-15-2017,,,0.00,14319.64,,12127.65,2191.99
9-16-2017,,,0.00,14319.64,Weekend,12127.65,
9-17-2017,,,0.00,14319.64,Weekend,12127.65,
9-18-2017,,,0.00,14350.06,,12127.65,2222.41
9-19-2017,,,0.00,14391.09,,12127.65,2263.44
9-20-2017,,,0.00,14394.03,,12127.65,2266.38
9-21-2017,,,0.00,14389.77,,12127.65,2262.12
9-22-2017,135.02,,135.02,14498.56,,12262.67,2235.89
9-23-2017,,,0.00,14498.56,Weekend,12262.67,
9-24-2017,,,0.00,14498.56,Weekend,12262.67,
9-25-2017,,,0.00,14504.40,,12262.67,2241.73
9-26-2017,,,0.00,14463.99,,12262.67,2201.32
9-27-2017,,,0.00,14451.28,,12262.67,2188.61
9-28-2017,,,0.00,14487.59,,12262.67,2224.92
9-29-2017,,,0.00,14502.00,,12262.67,2239.33
9-30-2017,,,0.00,14502.00,Weekend,12262.67,
10-1-2017,,,0.00,14502.00,Weekend,12262.67,
10-2-2017,,,0.00,14561.44,,12262.67,2298.77
10-3-2017,,,0.00,14609.28,,12262.67,2346.61
10-4-2017,,,0.00,14652.85,,12262.67,2390.18
10-5-2017,,,0.00,14671.95,,12262.67,2409.28
10-6-2017,135.02,,135.02,14691.67,,12397.69,2293.98
10-7-2017,,,0.00,14691.67,Weekend,12397.69,
10-8-2017,,,0.00,14691.67,Weekend,12397.69,
10-9-2017,,,0.00,14691.67,Vacation,12397.69,
10-10-2017,,,0.00,14691.67,Vacation,12397.69,
10-11-2017,,,0.00,14691.67,Vacation,12397.69,
10-12-2017,,,0.00,14691.67,Vacation,12397.69,
10-13-2017,,,0.00,14691.67,Vacation,12397.69,
10-14-2017,,,0.00,14691.67,Weekend,12397.69,
10-15-2017,,,0.00,14691.67,Weekend,12397.69,
10-16-2017,,,0.00,14890.75,,12397.69,2493.06
10-17-2017,,,0.00,14897.82,,12397.69,2500.13
10-18-2017,,,0.00,14869.77,,12397.69,2472.08
10-19-2017,,,0.00,14889.15,,12397.69,2491.46
10-20-2017,135.02,,135.02,15001.43,,12532.71,2468.72
10-21-2017,,,0.00,15001.43,Weekend,12532.71,
10-22-2017,,,0.00,15001.43,Weekend,12532.71,
10-23-2017,,,0.00,15033.99,,12532.71,2501.28
10-24-2017,,,0.00,14983.77,,12532.71,2451.06
10-25-2017,,,0.00,15002.59,,12532.71,2469.88
10-26-2017,,,0.00,14947.77,,12532.71,2415.06
10-27-2017,,,0.00,14949.96,,12532.71,2417.25
10-28-2017,,,0.00,14949.96,Weekend,12532.71,
10-29-2017,,,0.00,14949.96,Weekend,12532.71,
10-30-2017,,,0.00,15032.55,,12532.71,2499.84
10-31-2017,,,0.00,15005.61,,12532.71,2472.90
11-1-2017,,,0.00,15005.61,Out of office all day - unable to check,12532.71,
11-2-2017,,,0.00,15074.02,,12532.71,2541.31
11-3-2017,135.02,,135.02,15220.95,,12667.73,2553.22
11-4-2017,,,0.00,15220.95,Weekend,12667.73,
11-5-2017,,,0.00,15220.95,Weekend,12667.73,
11-6-2017,,,0.00,15229.27,,12667.73,2561.54
11-7-2017,,,0.00,15256.22,,12667.73,2588.49
11-8-2017,,,0.00,15217.08,,12667.73,2549.35
11-9-2017,,,0.00,15244.96,,12667.73,2577.23
11-10-2017,,,0.00,15188.82,,12667.73,2521.09
11-11-2017,,,0.00,15188.82,Weekend,12667.73,
11-12-2017,,,0.00,15188.82,Weekend,12667.73,
11-13-2017,,,0.00,15167.35,,12667.73,2499.62
11-14-2017,,,0.00,15166.00,,12667.73,2498.27
11-15-2017,,,0.00,15154.10,,12667.73,2486.37
11-16-2017,,,0.00,15097.37,,12667.73,2429.64
11-17-2017,135.02,,135.02,15211.81,,12802.75,2409.06
11-18-2017,,,0.00,15211.81,Weekend,12802.75,
11-19-2017,,,0.00,15211.81,Weekend,12802.75,
11-20-2017,,,0.00,15364.24,,12802.75,2561.49
11-21-2017,,,0.00,15364.24,Out of office all day - unable to check,12802.75,
11-22-2017,,,0.00,15364.24,Holiday,12802.75,
11-23-2017,,,0.00,15364.24,Holiday,12802.75,
11-24-2017,,,0.00,15364.24,Holiday,12802.75,
11-25-2017,,,0.00,15364.24,Weekend,12802.75,
11-26-2017,,,0.00,15364.24,Weekend,12802.75,
11-27-2017,,,0.00,15504.81,,12802.75,2702.06
11-28-2017,,,0.00,15453.11,,12802.75,2650.36
11-29-2017,,,0.00,15554.10,,12802.75,2751.35
11-30-2017,,,0.00,15517.42,,12802.75,2714.67
12-1-2017,135.02,,135.02,15670.99,,12937.77,2733.22
12-2-2017,,,0.00,15670.99,Weekend,12937.77,
12-3-2017,,,0.00,15670.99,Weekend,12937.77,
12-4-2017,,,0.00,15636.12,,12937.77,2698.35
12-5-2017,,,0.00,15617.96,,12937.77,2680.19
12-6-2017,,,0.00,15566.04,,12937.77,2628.27
12-7-2017,,,0.00,15538.49,,12937.77,2600.72
12-8-2017,,,0.00,15581.28,,12937.77,2643.51
12-9-2017,,,0.00,15581.28,Weekend,12937.77,
12-10-2017,,,0.00,15581.28,Weekend,12937.77,
12-11-2017,,,0.00,15636.58,,12937.77,2698.81
12-12-2017,,,0.00,15646.88,,12937.77,2709.11
12-13-2017,,,0.00,15646.88,Out of office all day - unable to check,12937.77,
12-14-2017,,,0.00,15653.27,,12937.77,2715.50
12-15-2017,135.02,,135.02,15726.02,,13072.79,2653.23
12-16-2017,,,0.00,15726.02,Weekend,13072.79,
12-17-2017,,,0.00,15726.02,Weekend,13072.79,
12-18-2017,,,0.00,15726.02,Out of office all day - unable to check,13072.79,
12-19-2017,,,0.00,15903.10,,13072.79,2830.31
12-20-2017,,,0.00,15858.46,,13072.79,2785.67
12-21-2017,,,0.00,15855.57,,13072.79,2782.78
12-22-2017,,,0.00,15887.60,,13072.79,2814.81
12-23-2017,,,0.00,15887.60,Weekend,13072.79,
12-24-2017,,,0.00,15887.60,Weekend,13072.79,
12-25-2017,,,0.00,15887.60,Holiday,13072.79,
12-26-2017,,,0.00,15887.60,Vacation,13072.79,
12-27-2017,,,0.00,15887.60,Vacation,13072.79,
12-28-2017,,,0.00,15887.60,Vacation,13072.79,
12-29-2017,135.02,,135.02,15887.60,Vacation,13207.81,
12-30-2017,,,0.00,15887.60,Weekend,13207.81,
12-31-2017,,,0.00,15887.60,Weekend,13207.81,
1-1-2018,,,0.00,15887.60,Holiday,13207.81,
1-2-2018,,,0.00,16060.93,,13207.81,2853.12
1-3-2018,,,0.00,16060.93,,13207.81,
1-4-2018,,,0.00,16230.86,,13207.81,3023.05
1-5-2018,,,0.00,16289.98,,13207.81,3082.17
1-6-2018,,,0.00,16289.98,Weekend,13207.81,
1-7-2018,,,0.00,16289.98,Weekend,13207.81,
1-8-2018,,,0.00,16289.98,Oops.  Forgot to check,13207.81,
1-9-2018,,,0.00,16389.08,,13207.81,3181.27
1-10-2018,,,0.00,16380.57,,13207.81,3172.76
1-11-2018,,,0.00,16336.47,,13207.81,3128.66
1-12-2018,140.38,,140.38,16565.74,,13348.19,3217.55
1-13-2018,,,0.00,16565.74,Weekend,13348.19,
1-14-2018,,,0.00,16565.74,Weekend,13348.19,
1-15-2018,,,0.00,16565.74,MLK Holiday,13348.19,
1-16-2018,,,0.00,16650.53,,13348.19,3302.34
1-17-2018,,,0.00,16595.46,,13348.19,3247.27
1-18-2018,,,0.00,16691.59,,13348.19,3343.40
1-19-2018,,,0.00,16691.59,,13348.19,
1-20-2018,,,0.00,16691.59,Weekend,13348.19,
1-21-2018,,,0.00,16691.59,Weekend,13348.19,
1-22-2018,,,0.00,16746.63,,13348.19,3398.44
1-23-2018,,,0.00,16813.83,,13348.19,3465.64
1-24-2018,,,0.00,16862.47,,13348.19,3514.28
1-25-2018,,,0.00,16858.74,,13348.19,3510.55
1-26-2018,140.38,327.56,467.94,17340.10,,13816.13,3523.97
1-27-2018,,,0.00,17340.10,Weekend,13816.13,
1-28-2018,,,0.00,17340.10,Weekend,13816.13,
1-29-2018,,,0.00,17441.67,,13816.13,3625.54
1-30-2018,,,0.00,17342.13,,13816.13,3526.00
1-31-2018,,,0.00,17208.19,,13816.13,3392.06
2-1-2018,,,0.00,17234.73,,13816.13,3418.60
2-2-2018,,,0.00,17214.73,,13816.13,3398.60
2-3-2018,,,0.00,17214.73,Weekend,13816.13,
2-4-2018,,,0.00,17214.73,Weekend,13816.13,
2-5-2018,,,0.00,16950.10,,13816.13,3133.97
2-6-2018,,,0.00,16557.51,,13816.13,2741.38
2-7-2018,,,0.00,16680.58,,13816.13,2864.45
2-8-2018,,,0.00,16587.60,,13816.13,2771.47
2-9-2018,140.38,163.78,304.16,16224.09,,14120.29,2103.80
2-10-2018,,,0.00,16224.09,Weekend,14120.29,
2-11-2018,,,0.00,16224.09,Weekend,14120.29,
2-12-2018,,,0.00,16632.64,,14120.29,2512.35
2-13-2018,,,0.00,16773.73,,14120.29,2653.44
2-14-2018,,,0.00,16814.42,,14120.29,2694.13
2-15-2018,,,0.00,17004.26,,14120.29,2883.97
2-16-2018,,,0.00,17150.21,,14120.29,3029.92
2-17-2018,,,0.00,17150.21,Weekend,14120.29,
2-18-2018,,,0.00,17150.21,Weekend,14120.29,
2-19-2018,,,0.00,17159.31,,14120.29,3039.02
2-20-2018,,,0.00,17159.36,,14120.29,3039.07
2-21-2018,,,0.00,17069.19,,14120.29,2948.90
2-22-2018,,,0.00,17037.73,,14120.29,2917.44
2-23-2018,140.38,163.78,304.16,17344.40,,14424.45,2919.95
2-24-2018,,,0.00,17344.40,Weekend,14424.45,
2-25-2018,,,0.00,17344.40,Weekend,14424.45,
2-26-2018,,,0.00,17527.24,,14424.45,3102.79
2-27-2018,,,0.00,17615.80,,14424.45,3191.35
2-28-2018,,,0.00,17429.77,,14424.45,3005.32
3-1-2018,,,0.00,17297.21,,14424.45,2872.76
3-2-2018,,,0.00,17211.00,,14424.45,2786.55
3-3-2018,,,0.00,17211.00,Weekend,14424.45,
3-4-2018,,,0.00,17211.00,Weekend,14424.45,
3-5-2018,,,0.00,17267.85,,14424.45,2843.40
3-6-2018,,,0.00,17359.41,,14424.45,2934.96
3-7-2018,,,0.00,17428.91,,14424.45,3004.46
3-8-2018,,,0.00,17439.72,,14424.45,3015.27
3-9-2018,140.38,163.78,304.16,17780.67,,14728.61,3052.06
3-10-2018,,,0.00,17780.67,Weekend,14728.61,
3-11-2018,,,0.00,17780.67,Weekend,14728.61,
3-12-2018,,,0.00,17952.05,,14728.61,3223.44
3-13-2018,,,0.00,17963.53,,14728.61,3234.92
3-14-2018,,,0.00,17892.98,,14728.61,3164.37
3-15-2018,,,0.00,17861.41,,14728.61,3132.80
3-16-2018,,,0.00,17846.05,,14728.61,3117.44
3-17-2018,,,0.00,17846.05,Weekend,14728.61,
3-18-2018,,,0.00,17846.05,Weekend,14728.61,
3-19-2018,,,0.00,17872.75,,14728.61,3144.14
3-20-2018,,,0.00,17731.43,,14728.61,3002.82
3-21-2018,,,0.00,17768.50,,14728.61,3039.89
3-22-2018,,,0.00,17773.63,,14728.61,3045.02
3-23-2018,140.38,163.78,304.16,17795.22,,15032.77,2762.45
3-24-2018,,,0.00,17795.22,Weekend,15032.77,
3-25-2018,,,0.00,17795.22,Weekend,15032.77,
3-26-2018,,,0.00,17572.58,,15032.77,2539.81
3-27-2018,,,0.00,17863.30,,15032.77,2830.53
3-28-2018,,,0.00,17676.32,,15032.77,2643.55
3-29-2018,,,0.00,17657.94,,15032.77,2625.17
3-30-2018,,,0.00,17833.14,,15032.77,2800.37
3-31-2018,,,0.00,17833.14,Weekend,15032.77,
4-1-2018,,,0.00,17833.14,Weekend,15032.77,
4-2-2018,,,0.00,17833.41,,15032.77,2800.64
4-3-2018,,,0.00,17589.48,,15032.77,2556.71
4-4-2018,,,0.00,17721.93,,15032.77,2689.16
4-5-2018,,,0.00,17791.77,,15032.77,2759.00
4-6-2018,140.38,163.78,304.16,18190.12,,15336.93,2853.19
4-7-2018,,,0.00,18190.12,Weekend,15336.93,
4-8-2018,,,0.00,18190.12,Weekend,15336.93,
4-9-2018,,,0.00,17982.86,,15336.93,2645.93
4-10-2018,,,0.00,18004.41,,15336.93,2667.48
4-11-2018,,,0.00,18189.34,,15336.93,2852.41
4-12-2018,,,0.00,18167.44,,15336.93,2830.51
4-13-2018,,,0.00,18228.99,,15336.93,2892.06
4-14-2018,,,0.00,18228.99,Weekend,15336.93,
4-15-2018,,,0.00,18228.99,Weekend,15336.93,
4-16-2018,,,0.00,18187.27,,15336.93,2850.34
4-17-2018,,,0.00,18259.54,,15336.93,2922.61
4-18-2018,,,0.00,18357.57,,15336.93,3020.64
4-19-2018,,,0.00,18339.41,,15336.93,3002.48
4-20-2018,140.38,163.78,304.16,18348.97,,15641.09,2707.88
4-21-2018,,,0.00,18348.97,Weekend,15641.09,
4-22-2018,,,0.00,18348.97,Weekend,15641.09,
4-23-2018,,,0.00,18532.51,,15641.09,2891.42
4-24-2018,,,0.00,18519.54,,15641.09,2878.45
4-25-2018,,,0.00,18414.71,,15641.09,2773.62
4-26-2018,,,0.00,18386.16,,15641.09,2745.07
4-27-2018,,,0.00,18481.75,,15641.09,2840.66
4-28-2018,,,0.00,18481.75,Weekend,15641.09,
4-29-2018,,,0.00,18481.75,Weekend,15641.09,
4-30-2018,,,0.00,18503.07,,15641.09,2861.98
5-1-2018,,,0.00,18437.68,,15641.09,2796.59
5-2-2018,,,0.00,18444.16,,15641.09,2803.07
5-3-2018,,,0.00,18389.17,,15641.09,2748.08
5-4-2018,140.38,163.78,304.16,18666.56,,15945.25,2721.31
5-5-2018,,,0.00,18666.56,Weekend,15945.25,
5-6-2018,,,0.00,18666.56,Weekend,15945.25,
5-7-2018,,,0.00,18787.26,,15945.25,2842.01
5-8-2018,,,0.00,18820.14,,15945.25,2874.89
5-9-2018,,,0.00,18834.43,,15945.25,2889.18
5-10-2018,,,0.00,18901.95,,15945.25,2956.70
5-11-2018,,,0.00,19017.05,,15945.25,3071.80
5-12-2018,,,0.00,19017.05,Weekend,15945.25,
5-13-2018,,,0.00,19017.05,Weekend,15945.25,
5-14-2018,,,0.00,19037.38,,15945.25,3092.13
5-15-2018,,,0.00,19023.10,,15945.25,3077.85
5-16-2018,,,0.00,18932.87,,15945.25,2987.62
5-17-2018,,,0.00,18991.10,,15945.25,3045.85
5-18-2018,140.38,163.78,304.16,19294.89,,16249.41,3045.48
5-19-2018,,,0.00,19294.89,Weekend,16249.41,
5-20-2018,,,0.00,19294.89,Weekend,16249.41,
5-21-2018,,,0.00,19258.59,,16249.41,3009.18
5-22-2018,,,0.00,19334.12,,16249.41,3084.71
5-23-2018,,,0.00,19286.82,,16249.41,3037.41
5-24-2018,,,0.00,19293.78,,16249.41,3044.37
5-25-2018,,,0.00,19279.30,,16249.41,3029.89
5-26-2018,,,0.00,19279.30,Weekend,16249.41,
5-27-2018,,,0.00,19279.30,Weekend,16249.41,
5-28-2018,,,0.00,19255.55,,16249.41,3006.14
5-29-2018,,,0.00,19225.62,,16249.41,2976.21
5-30-2018,,,0.00,19147.12,,16249.41,2897.71
5-31-2018,,,0.00,19278.56,,16249.41,3029.15
6-1-2018,140.38,163.78,304.16,19512.63,,16553.57,2959.06
6-2-2018,,,0.00,19512.63,Weekend,16553.57,
6-3-2018,,,0.00,19512.63,Weekend,16553.57,
6-4-2018,,,0.00,19623.56,,16553.57,3069.99
6-5-2018,,,0.00,19682.81,,16553.57,3129.24
6-6-2018,,,0.00,19704.06,,16553.57,3150.49
6-7-2018,,,0.00,19792.47,,16553.57,3238.90
6-8-2018,,,0.00,19761.38,,16553.57,3207.81
6-9-2018,,,0.00,19761.38,Weekend,16553.57,
6-10-2018,,,0.00,19761.38,Weekend,16553.57,
6-11-2018,,,0.00,19783.85,,16553.57,3230.28
6-12-2018,,,0.00,19809.46,,16553.57,3255.89
6-13-2018,,,0.00,19823.66,,16553.57,3270.09
6-14-2018,,,0.00,19763.67,,16553.57,3210.10
6-15-2018,140.38,163.78,304.16,19783.99,,16857.73,2926.26
6-16-2018,,,0.00,19783.99,Weekend,16857.73,
6-17-2018,,,0.00,19783.99,Weekend,16857.73,
6-18-2018,,,0.00,20056.72,,16857.73,3198.99
6-19-2018,,,0.00,20023.21,,16857.73,3165.48
6-20-2018,,,0.00,19936.68,,16857.73,3078.95
6-21-2018,,,0.00,19975.37,,16857.73,3117.64
6-22-2018,,,0.00,19875.16,,16857.73,3017.43
6-23-2018,,,0.00,19875.16,Weekend,16857.73,
6-24-2018,,,0.00,19875.16,Weekend,16857.73,
6-25-2018,,,0.00,19928.56,,16857.73,3070.83
6-26-2018,,,0.00,19730.17,,16857.73,2872.44
6-27-2018,,,0.00,19762.68,,16857.73,2904.95
6-28-2018,,,0.00,19616.56,,16857.73,2758.83
6-29-2018,140.38,163.78,304.16,19971.90,,17161.89,2810.01
6-30-2018,,,0.00,19971.90,Weekend,17161.89,
7-1-2018,,,0.00,19971.90,Weekend,17161.89,
7-2-2018,,,0.00,20038.49,,17161.89,2876.60
7-3-2018,,,0.00,20033.30,,17161.89,2871.41
7-4-2018,,,0.00,20021.99,,17161.89,2860.10
7-5-2018,,,0.00,20022.07,,17161.89,2860.18
7-6-2018,,,0.00,20123.73,,17161.89,2961.84
7-7-2018,,,0.00,20123.73,Weekend,17161.89,
7-8-2018,,,0.00,20123.73,Weekend,17161.89,
7-9-2018,,,0.00,20232.24,,17161.89,3070.35
7-10-2018,,,0.00,20352.12,,17161.89,3190.23
7-11-2018,,,0.00,20372.87,,17161.89,3210.98
7-12-2018,,,0.00,20245.04,,17161.89,3083.15
7-13-2018,140.38,163.78,304.16,20644.67,,17466.05,3178.62
7-14-2018,,,0.00,20644.67,Weekend,17466.05,
7-15-2018,,,0.00,20644.67,Weekend,17466.05,
7-16-2018,,,0.00,20674.53,,17466.05,3208.48
7-17-2018,,,0.00,20616.07,,17466.05,3150.02
7-18-2018,,,0.00,20678.79,,17466.05,3212.74
7-19-2018,,,0.00,20686.84,,17466.05,3220.79
7-20-2018,,,0.00,20665.90,,17466.05,3199.85
7-21-2018,,,0.00,20665.90,Weekend,17466.05,
7-22-2018,,,0.00,20665.90,Weekend,17466.05,
7-23-2018,,,0.00,20660.41,,17466.05,3194.36
7-24-2018,,,0.00,20635.21,,17466.05,3169.16
7-25-2018,,,0.00,20663.72,,17466.05,3197.67
7-26-2018,,,0.00,20781.38,,17466.05,3315.33
7-27-2018,140.38,163.78,304.16,20768.94,,17770.21,2998.73
7-28-2018,,,0.00,20768.94,Weekend,17770.21,
7-29-2018,,,0.00,20768.94,Weekend,17770.21,
7-30-2018,,,0.00,20990.02,,17770.21,3219.81
7-31-2018,,,0.00,20906.67,,17770.21,3136.46
8-1-2018,,,0.00,20989.35,,17770.21,3219.14
8-2-2018,,,0.00,20932.35,,17770.21,3162.14
8-3-2018,,,0.00,20956.91,,17770.21,3186.70
8-4-2018,,,0.00,20956.91,Weekend,17770.21,
8-5-2018,,,0.00,20956.91,Weekend,17770.21,
8-6-2018,,,0.00,21002.43,,17770.21,3232.22
8-7-2018,,,0.00,21028.13,,17770.21,3257.92
8-8-2018,,,0.00,21081.67,,17770.21,3311.46
8-9-2018,,,0.00,21059.35,,17770.21,3289.14
8-10-2018,140.38,163.78,304.16,21059.35,Vacation,18074.37,
8-11-2018,,,0.00,21059.35,Weekend,18074.37,
8-12-2018,,,0.00,21059.35,Weekend,18074.37,
8-13-2018,,,0.00,21146.75,Vacation,18074.37,3072.38
8-14-2018,,,0.00,21224.61,Vacation,18074.37,3150.24
8-15-2018,,,0.00,21057.14,Vacation,18074.37,2982.77
8-16-2018,,,0.00,21156.98,Vacation,18074.37,3082.61
8-17-2018,,,0.00,21156.98,Vacation,18074.37,
8-18-2018,,,0.00,21156.98,Weekend,18074.37,
8-19-2018,,,0.00,21156.98,Weekend,18074.37,
8-20-2018,,,0.00,21221.07,,18074.37,3146.70
8-21-2018,,,0.00,21295.60,,18074.37,3221.23
8-22-2018,,,0.00,21364.23,,18074.37,3289.86
8-23-2018,,,0.00,21397.72,,18074.37,3323.35
8-24-2018,140.38,163.78,304.16,21335.59,,18378.53,2957.06
8-25-2018,,,0.00,21335.59,Weekend,18378.53,
8-26-2018,,,0.00,21335.59,Weekend,18378.53,
8-27-2018,,,0.00,21730.15,,18378.53,3351.62
8-28-2018,,,0.00,21828.78,,18378.53,3450.25
8-29-2018,,,0.00,21809.44,,18378.53,3430.91
8-30-2018,,,0.00,21872.62,,18378.53,3494.09
8-31-2018,,,0.00,21775.89,,18378.53,3397.36
9-1-2018,,,0.00,21775.89,Weekend,18378.53,
9-2-2018,,,0.00,21775.89,Weekend,18378.53,
9-3-2018,,,0.00,21784.06,,18378.53,3405.53
9-4-2018,,,0.00,21784.15,,18378.53,3405.62
9-5-2018,,,0.00,21698.25,,18378.53,3319.72
9-6-2018,,,0.00,21611.92,,18378.53,3233.39
9-7-2018,,,0.00,21568.73,,18378.53,3190.20
9-8-2018,,,0.00,21568.73,Weekend,18378.53,
9-9-2018,,,0.00,21568.73,Weekend,18378.53,
9-10-2018,140.38,163.78,304.16,21835.17,,18682.69,3152.48
9-11-2018,,,0.00,21840.80,,18682.69,3158.11
9-12-2018,,,0.00,21851.49,,18682.69,3168.80
9-13-2018,,,0.00,21869.25,,18682.69,3186.56
9-14-2018,,,0.00,21941.32,,18682.69,3258.63
9-15-2018,,,0.00,21941.32,Weekend,18682.69,
9-16-2018,,,0.00,21941.32,Weekend,18682.69,
9-17-2018,,,0.00,21979.49,,18682.69,3296.80
9-18-2018,,,0.00,21889.13,,18682.69,3206.44
9-19-2018,,,0.00,21945.94,,18682.69,3263.25
9-20-2018,,,0.00,21950.82,,18682.69,3268.13
9-21-2018,140.38,163.78,304.16,22374.84,,18986.85,3387.99
9-22-2018,,,0.00,22374.84,Weekend,18986.85,
9-23-2018,,,0.00,22374.84,Weekend,18986.85,
9-24-2018,,,0.00,22374.57,,18986.85,3387.72
9-25-2018,,,0.00,22300.24,,18986.85,3313.39
9-26-2018,,,0.00,22307.21,,18986.85,3320.36
9-27-2018,,,0.00,22266.29,,18986.85,3279.44
9-28-2018,,,0.00,22290.96,,18986.85,3304.11
9-29-2018,,,0.00,22290.96,Weekend,18986.85,
9-30-2018,,,0.00,22290.96,Weekend,18986.85,
10-1-2018,,,0.00,22289.35,,18986.85,3302.50
10-2-2018,,,0.00,22268.32,,18986.85,3281.47
10-3-2018,,,0.00,22187.94,,18986.85,3201.09
10-4-2018,,,0.00,22175.78,,18986.85,3188.93
10-5-2018,140.38,163.78,304.16,22281.44,,19291.01,2990.43
10-6-2018,,,0.00,22281.44,Weekend,19291.01,
10-7-2018,,,0.00,22281.44,Weekend,19291.01,
10-8-2018,,,0.00,22191.76,,19291.01,2900.75
10-9-2018,,,0.00,22156.78,,19291.01,2865.77
10-10-2018,,,0.00,22112.81,,19291.01,2821.80
10-11-2018,,,0.00,21703.65,,19291.01,2412.64
10-12-2018,,,0.00,21442.51,,19291.01,2151.50
10-13-2018,,,0.00,21442.51,Weekend,19291.01,
10-14-2018,,,0.00,21442.51,Weekend,19291.01,
10-15-2018,,,0.00,21603.74,,19291.01,2312.73
10-16-2018,,,0.00,21571.94,,19291.01,2280.93
10-17-2018,,,0.00,21890.38,,19291.01,2599.37
10-18-2018,,,0.00,21827.28,,19291.01,2536.27
10-19-2018,140.38,163.78,304.16,21575.17,,19595.17,1980.00
10-20-2018,,,0.00,21575.17,Weekend,19595.17,
10-21-2018,,,0.00,21575.17,Weekend,19595.17,
10-22-2018,,,0.00,21853.12,,19595.17,2257.95
10-23-2018,,,0.00,21827.38,,19595.17,2232.21
10-24-2018,,,0.00,21692.89,,19595.17,2097.72
10-25-2018,,,0.00,21288.99,,19595.17,1693.82
10-26-2018,,,0.00,21490.89,,19595.17,1895.72
10-27-2018,,,0.00,21490.89,,19595.17,1895.72
10-28-2018,0.00,0.00,0.00,21318.45,,19595.17,1723.28
10-29-2018,0.00,0.00,0.00,21318.55,,19595.17,1723.38
10-30-2018,0.00,0.00,0.00,21215.49,,19595.17,1620.32
10-31-2018,0.00,0.00,0.00,21422.75,,19595.17,1827.58
11-01-2018,0.00,0.00,0.00,21574.27,,19595.17,1979.1
11-02-2018,140.38,163.78,304.16,22096.19,,19899.33,2196.86
11-03-2018,0.00,0.00,0.00,22071.26,,19899.33,2171.93
11-04-2018,0.00,0.00,0.00,22071.37,,19899.33,2172.04
11-05-2018,0.00,0.00,0.00,22071.48,,19899.33,2172.15
11-06-2018,0.00,0.00,0.00,22109.73,,19899.33,2210.4
11-07-2018,0.00,0.00,0.00,22177.72,,19899.33,2278.39
11-08-2018,0.00,0.00,0.00,22435.25,,19899.33,2535.92
